<?xml version="1.0" encoding="UTF-8"?><collection xmlns="http://www.loc.gov/MARC21/slim"><record><leader>00408nam--2200121-i-4500</leader><controlfield tag="001">000009096</controlfield><controlfield tag="002">20161230</controlfield><controlfield tag="005">20161230201028</controlfield><controlfield tag="008">060222s1000------------r-----000-0-eng-d</controlfield><datafield ind1=" " ind2=" " tag="100"><subfield code="a">Cojocaru, S.Si Manea, A</subfield></datafield><datafield ind1=" " ind2=" " tag="245"><subfield code="a">Organizarea si sarcinile serviciilor de docume ntare tehnica din intreprinderile industriale. sinteza documentara</subfield></datafield><datafield ind1=" " ind2=" " tag="260"><subfield code="a">Bucuresti, Institutul De Documentare Tehnica, 1969</subfield></datafield><datafield ind1=" " ind2=" " tag="852"><subfield code="a">31850</subfield></datafield></record></collection>